@String{CACM = "Communications of the {ACM}"}
@String{ACMPress = "{ACM} Press"}
@String{Springer = "Springer-Verlag"}

@misc{heartbleed,
  key = {a},
  title = {Heartbleed Bug},
  howpublished = {\url{http://heartbleed.com/}},
  year = 2014,
  month = apr,
  day = 29,
  note = {Accessed 2018-07-06}
}

@article{madhavapeddy2014unikernels,
  title = {Unikernels: The Rise of the Virtual Library Operating System},
  author = {Madhavapeddy, Anil and Scott, David J.},
  journal = CACM,
  volume = 57,
  number = 1,
  month = jan,
  year = 2014,
  issn = {0001-0782},
  pages = {61--69},
  numpages = 9,
  acmid = 2541895,
  publisher = ACMPress,
  address = {New York, NY, USA},
}

@inproceedings{reynolds2002separation,
  title={Separation Logic: A Logic for Shared Mutable Data Structures},
  author={Reynolds, John C.},
  booktitle={Logic in Computer Science, 2002. Proceedings. 17th Annual IEEE Symposium on},
  pages = {55--74},
  year = 2002,
  organization = {IEEE}
}
