@abbreviation{can,
  short = {CAN},
  long = {Controller Area Network},
  description = {A standard network for electronic communications in automotive applications},
  prefix = {a~}
}
