@symbol{top,
  name = {\ensuremath\top},
  description = {The ``top'' element of a set; used as the always-true symbolic state predicate for \acp{hg}}
}
@symbol{bot,
  name = {\ensuremath\bot},
  description = {The ``bottom'' element of a set.
  Often used to represent an empty value,
  such as the result of calling a partial function with a value it does not have an actual result for or as the \texttt{None} value of an optional type. In the \ac{hg} work specifically, it is used as the always-false symbolic state predicate or as an unknown/undefined~\glsentryname{constant}
  \todo{get link to the actual symbol?}}
}
@symbol{true,
  name = {\ensuremath{\mathcal T}},
  description = {The ``true'' value for Booleans},
  seealso = {bool}
}
@symbol{false,
  name = {\ensuremath{\mathcal F}},
  description = {The ``false'' value for Booleans},
  seealso = {bool}
}
