@symbol{eval,
  name = {\ensuremath{\operatorname{eval}}},
  description = {Expression evaluation function; maps a possibly-state-dependent expression to a constant expression}
}
@symbol{fetch,
  name = {\ensuremath{\operatorname{fetch}}},
  description = {Disassembles the instruction at the supplied address}
}
@symbol{pred,
  name = {\ensuremath{\operatorname{pred}}},
  description = {Returns the predicate for the supplied state},
  parent = {state}
}
@symbol{sound,
  name = {\ensuremath{\operatorname{sound}}},
  description = {The supplied \ac{hg} is sound with respect to the supplied binary}
}
@symbol{step-hg,
  name = {\ensuremath\tau},
  description = {The instruction-semantics-modeling inner step function for \ac{hg} generation},
  user1 = {stephgfn}
}
