% Hoare graph numbers
@number{bin-success,
  name = {Successful programs},
  symbol = {\num{45}},
  description = {The number of programs tested for the Xen case study with successful analyses},
  group = {hg},
  seealso = {xen}
}
@number{bin-total,
  name = {Total programs},
  symbol = {\num{63}},
  description = {The total number of programs tested for the Xen case study},
  group = {hg},
  seealso = {xen}
}
@number{lib-func-timeout,
  name = {Timed-out library functions},
  symbol = {\num{4}},
  description = {The number of library functions tested for the Xen case study that timed out},
  group = {hg},
  seealso = {xen}
}
@number{lib-func-success,
  name = {Successful library functions},
  symbol = {\num{2115}},
  description = {The number of library functions tested for the Xen case study with successful analyses},
  group = {hg},
  seealso = {xen}
}
@number{lib-func-total,
  name = {Total library functions},
  symbol = {\num{2151}},
  description = {The total number of library functions tested for the Xen case study},
  group = {hg},
  seealso = {xen}
}
@number{inst-total-lifted,
  name = {Total instructions lifted},
  symbol = {\num{399771}},
  description = {The combined total number of instructions successfully lifted from binaries and shared objects of the Xen case study},
  group = {hg},
  seealso = {xen}
}

% EICFG numbers
@number{eicfg-bin-success,
  name = {Successful binaries},
  symbol = {\num{316}},
  description = {The number of case study binaries with successful \ac{eicfg} generation},
  group = {eicfg}
}
@number{eicfg-inst-total,
  name = {Total instructions covered},
  symbol = {\num{4715806}},
  description = {The combined total number of instructions covered from the programs and shared objects of the \ac{eicfg} case study},
  group = {eicfg}
}
@number{fuzz-count,
  name = {Test cases for fuzzing},
  symbol = {\num{10000}},
  description = {The number of test cases generated with arbitrary values in order to gain confidence in the result of the abstract step rules of the \ac{eicfg} symbolic execution engine as compared to a concrete implementation},
  group = {eicfg}
}
