@symbol{bag,
  name = {\ensuremath{\var{bag}}},
  description = {Collection of items that are not necessarily returned in \glsxtrshort{fifo} or \glsxtrshort{lifo} order; could be a stack or a queue or some other data structure as long as you can add a group of items, pop off an item, and map over the items in the bag},
  prefix = {a}
}
@symbol{hg-var,
  name = {\ensuremath{\var{HG}}},
  description = {The current \glsxtrshort{hg}}
}
@symbol{symbolic-state,
  name = {\ensuremath\sigma},
  description = {A symbolic state}
}
@symbol{concrete-state,
  name = {\ensuremath s},
  description = {A concrete state}
}
